<record><leader>00000cas a22000007a 4500</leader><controlfield tag="001">10960022</controlfield><controlfield tag="008">840718c19119999okuwr ne      0   a0eng d</controlfield><controlfield tag="009">467</controlfield><datafield ind1=" " ind2=" " tag="010"><subfield code="a">sn 84007726 </subfield></datafield><datafield ind1=" " ind2=" " tag="040"><subfield code="a">NSD</subfield><subfield code="b">eng</subfield><subfield code="c">NSD</subfield><subfield code="d">NPT</subfield><subfield code="d">OBN</subfield><subfield code="d">OCL</subfield><subfield code="d">OCLCQ</subfield><subfield code="d">CUS</subfield><subfield code="d">OCLCQ</subfield><subfield code="d">OCLCF</subfield></datafield><datafield ind1=" " ind2=" " tag="012"><subfield code="m">1</subfield></datafield><datafield ind1="1" ind2=" " tag="022"><subfield code="a">8750-0701</subfield><subfield code="l">8750-0701</subfield><subfield code="2">1</subfield></datafield><datafield ind1="1" ind2=" " tag="029"><subfield code="a">AU@</subfield><subfield code="b">000020385347</subfield></datafield><datafield ind1=" " ind2=" " tag="032"><subfield code="a">669860</subfield><subfield code="b">USPS</subfield></datafield><datafield ind1=" " ind2=" " tag="042"><subfield code="a">nsdp</subfield></datafield><datafield ind1="1" ind2="4" tag="050"><subfield code="a">Newspapers</subfield></datafield><datafield ind1=" " ind2="0" tag="222"><subfield code="a">Waurika news-democrat</subfield></datafield><datafield ind1="0" ind2="0" tag="245"><subfield code="a">Waurika news-democrat.</subfield></datafield><datafield ind1="3" ind2="0" tag="246"><subfield code="a">Waurika news democrat</subfield></datafield><datafield ind1="1" ind2="3" tag="246"><subfield code="a">News democrat</subfield></datafield><datafield ind1=" " ind2=" " tag="260"><subfield code="a">Waurika, Jefferson County, Okla. :</subfield><subfield code="b">News-Democrat Pub. Co.</subfield></datafield><datafield ind1=" " ind2=" " tag="300"><subfield code="a">v.</subfield></datafield><datafield ind1=" " ind2=" " tag="310"><subfield code="a">Weekly</subfield></datafield><datafield ind1="0" ind2=" " tag="362"><subfield code="a">Vol. 10, no. 1 (Sept. 8, 1911)-</subfield></datafield><datafield ind1=" " ind2="0" tag="651"><subfield code="a">Waurika (Okla.)</subfield><subfield code="v">Newspapers.</subfield></datafield><datafield ind1=" " ind2="0" tag="651"><subfield code="a">Jefferson County (Okla.)</subfield><subfield code="v">Newspapers.</subfield></datafield><datafield ind1=" " ind2="7" tag="655"><subfield code="a">Newspapers.</subfield><subfield code="2">fast</subfield><subfield code="0">(OCoLC)fst01423814</subfield></datafield><datafield ind1=" " ind2="7" tag="651"><subfield code="a">Oklahoma</subfield><subfield code="z">Jefferson County.</subfield><subfield code="2">fast</subfield><subfield code="0">(OCoLC)fst01223983</subfield></datafield><datafield ind1=" " ind2="7" tag="651"><subfield code="a">Oklahoma</subfield><subfield code="z">Waurika.</subfield><subfield code="2">fast</subfield><subfield code="0">(OCoLC)fst01220852</subfield></datafield><datafield ind1=" " ind2=" " tag="752"><subfield code="a">United States</subfield><subfield code="b">Oklahoma</subfield><subfield code="c">Jefferson</subfield><subfield code="d">Waurika.</subfield></datafield><datafield ind1="0" ind2="8" tag="776"><subfield code="i">Online version:</subfield><subfield code="t">Waurika news-democrat</subfield><subfield code="w">(OCoLC)264791294</subfield></datafield><datafield ind1="0" ind2="4" tag="780"><subfield code="t">Waurika news</subfield><subfield code="w">(DLC)sn 94058898</subfield><subfield code="w">(OCoLC)30713444</subfield></datafield><datafield ind1="0" ind2="4" tag="780"><subfield code="t">Waurika democrat</subfield><subfield code="w">(DLC)sn 94058897</subfield><subfield code="w">(OCoLC)30713375</subfield></datafield></record>